@misc{nisa,
  title={投資信託は制度・税制変更でどう変わるか},
  author={杉田 浩治},
  year={2012},
  publisher={証券経済研究所}
}

@article{ga,
  title={遺伝的アルゴリズムによる外国為替取引手法の最適化},
  author={平林 明憲},
  journal={第22回 人工知能学会全国大会論文集},
  year={2008},
  publisher={社団法人 人工知能学会}
}

@article{short,
  title={人工市場を利用した空売り規制が与える株式市場への影響分析},
  author={八木 勲 and 水田 孝信 and 和泉 潔},
  journal={人工知能学会論文誌},
  volume={26},
  number={1},
  pages={208--216},
  year={2011},
  publisher={The Japanese Society for Artificial Intelligence}
}

@article{decisiontree,
  title={ヒントの改良にもとづくデータマイニングシステム},
  journal={第24回 人工知能学会全国大会論文集},
  author={杉村 博 and 松本 一教},
  year={2010},
  publisher={社団法人 人工知能学会}
}

@article{gp,
  title={遺伝的プログラミング手法に基づくエージェントベーストレーダモデル (知識処理)},
  author={松村 幸輝 and 国屋 美敬 and 木村 周平},
  journal={情報処理学会論文誌},
  volume={47},
  number={9},
  pages={2869--2886},
  year={2006},
  publisher={一般社団法人情報処理学会}
}

@article{multiagent,
  title={人工市場とテキストマイニングの融合による市場分析},
  author={和泉 潔 and 松井 宏樹 and 松尾 豊},
  journal={人工知能学会論文誌},
  volume={22},
  number={4},
  pages={397--404},
  year={2007},
  publisher={一般社団法人 人工知能学会}
}

@article{granville,
  title={B101 Wavelet 解析による改良グランビルの法則に基づく株価予測},
  author={水野 明哲 and 飯田 明由 and 春口 卓也},
  journal={可視化情報学会誌},
  volume={25},
  number={Supplement1},
  pages={49--52},
  year={2005},
  publisher={The Visualization Society of Japan}
}

@article{goldencross,
  title={ニューラルネットを用いたテクニカル分析手法の改良 (金融工学 (1))},
  author={馬場 則夫 and 野村 俊智},
  journal={日本オペレーションズ・リサーチ学会春季研究発表会アブストラクト集},
  volume={2005},
  pages={64--65},
  year={2005},
  publisher={社団法人日本オペレーションズ・リサーチ学会}
}
